<record><leader>00000cas a2200000 i 4500</leader><controlfield tag="001">908448702</controlfield><controlfield tag="006">m     o  d        </controlfield><controlfield tag="007">cr |||||||||||</controlfield><controlfield tag="008">150506d18821897nmuwr neo     0   a0eng  </controlfield><datafield ind1=" " ind2=" " tag="010"><subfield code="a">  2015218697</subfield></datafield><datafield ind1=" " ind2=" " tag="040"><subfield code="a">DLC</subfield><subfield code="b">eng</subfield><subfield code="e">rda</subfield><subfield code="c">DLC</subfield><subfield code="d">DLC</subfield></datafield><datafield ind1="0" ind2=" " tag="022"><subfield code="a">2378-9964</subfield><subfield code="2">1</subfield></datafield><datafield ind1=" " ind2=" " tag="042"><subfield code="a">pcc</subfield><subfield code="a">nsdp</subfield></datafield><datafield ind1=" " ind2=" " tag="043"><subfield code="a">n-us-nm</subfield></datafield><datafield ind1="1" ind2="0" tag="050"><subfield code="a">ISSN RECORD</subfield></datafield><datafield ind1="0" ind2="0" tag="082"><subfield code="a">071</subfield><subfield code="2">23</subfield></datafield><datafield ind1=" " ind2="4" tag="222"><subfield code="a">The Black Range</subfield><subfield code="b">(Online)</subfield></datafield><datafield ind1="0" ind2="4" tag="245"><subfield code="a">The Black range.</subfield></datafield><datafield ind1=" " ind2="1" tag="264"><subfield code="a">Robinson, Socorro County, N.M. :</subfield><subfield code="b">Black Range Printing Company</subfield></datafield><datafield ind1=" " ind2=" " tag="300"><subfield code="a">1 online resource</subfield></datafield><datafield ind1=" " ind2=" " tag="310"><subfield code="a">Weekly</subfield></datafield><datafield ind1=" " ind2=" " tag="336"><subfield code="a">text</subfield><subfield code="b">txt</subfield><subfield code="2">rdacontent</subfield></datafield><datafield ind1=" " ind2=" " tag="337"><subfield code="a">computer</subfield><subfield code="b">c</subfield><subfield code="2">rdamedia</subfield></datafield><datafield ind1=" " ind2=" " tag="338"><subfield code="a">online resource</subfield><subfield code="b">cr</subfield><subfield code="2">rdacarrier</subfield></datafield><datafield ind1="1" ind2=" " tag="362"><subfield code="a">Began April 14, 1882; ceased</subfield></datafield><datafield ind1="0" ind2=" " tag="362"><subfield code="a">-v. 16, no. 18 (Aug 6, 1897).</subfield></datafield><datafield ind1=" " ind2=" " tag="500"><subfield code="a">Later published: Chloride, Socorro County, later called Sierra County.</subfield></datafield><datafield ind1=" " ind2=" " tag="500"><subfield code="a">Publisher: W. O. Thompson, &lt;July 30, 1897&gt;.</subfield></datafield><datafield ind1=" " ind2=" " tag="588"><subfield code="a">Description based on: Vol. I, no. 26 (October 6, 1882); title from masthead (Chroniclingamerica.loc.gov, viewed May 6, 2015).</subfield></datafield><datafield ind1=" " ind2=" " tag="588"><subfield code="a">Latest issue consulted: Vol. XVVI, no. 17 (July 30, 1897) (Chroniclingamerica.loc.gov, viewed May 6, 2015).</subfield></datafield><datafield ind1=" " ind2="0" tag="651"><subfield code="a">Chloride (N.M.)</subfield><subfield code="v">Newspapers.</subfield></datafield><datafield ind1=" " ind2="0" tag="651"><subfield code="a">Sierra County (N.M.)</subfield><subfield code="v">Newspapers.</subfield></datafield><datafield ind1=" " ind2="0" tag="651"><subfield code="a">Robinson (Sierra County, N.M.)</subfield><subfield code="v">Newspapers.</subfield></datafield><datafield ind1=" " ind2="0" tag="651"><subfield code="a">Socorro County (N.M.)</subfield><subfield code="v">Newspapers.</subfield></datafield><datafield ind1=" " ind2=" " tag="752"><subfield code="a">United States</subfield><subfield code="b">New Mexico</subfield><subfield code="c">Sierra</subfield><subfield code="d">Chloride.</subfield></datafield><datafield ind1="0" ind2="8" tag="776"><subfield code="i">Originally issued in print:</subfield><subfield code="t">Black range</subfield><subfield code="x">2378-9956</subfield><subfield code="w">(DLC)sn 87090373</subfield><subfield code="w">(OCoLC)15991090</subfield></datafield><datafield ind1="4" ind2="0" tag="856"><subfield code="u">http://www.loc.gov/chroniclingamerica/lccn/sn87090373/issues</subfield></datafield></record>